@article{zadeh1965fuzzy,
  title   = {Fuzzy sets},
  author  = {Zadeh, Lotfi A},
  journal = {Information and Control},
  year    = {1965}
}
@article{phuong2001fuzzy,
  title     = {Fuzzy logic and its applications in medicine},
  author    = {Phuong, Nguyen Hoang and Kreinovich, Vladik},
  journal   = {International journal of medical informatics},
  volume    = {62},
  number    = {2-3},
  pages     = {165--173},
  year      = {2001},
  publisher = {Elsevier}
}
@inproceedings{diouf2021comparative,
  title        = {Comparative study of conventional PID and fuzzy logic controllers applied to an electric oven},
  author       = {Diouf, Serigne Modou and Gueye, Ibrahima and Kebe, Abdoulaye and Diop, Moustapha},
  booktitle    = {2021 International Conference on Electrical, Communication, and Computer Engineering (ICECCE)},
  pages        = {1--5},
  year         = {2021},
  organization = {IEEE}
}
@article{ashbaughadvantages,
  title     = {Advantages and Disadvantages of Controller Designs Using Fuzzy Logic},
  author    = {Ashbaugh, Ben and Boitano, Justin},
  publisher = {Citeseer}
}
@article{mittal2020comprehensive,
  title     = {A comprehensive review on type 2 fuzzy logic applications: Past, present and future},
  author    = {Mittal, Kanika and Jain, Amita and Vaisla, Kunwar Singh and Castillo, Oscar and Kacprzyk, Janusz},
  journal   = {Engineering Applications of Artificial Intelligence},
  volume    = {95},
  pages     = {103916},
  year      = {2020},
  publisher = {Elsevier}
}

@inproceedings{chalamalasetty2024envisioning,
  title        = {Envisioning Revolutionary Technological Changes: The Future Terrain of Fuzzy Logic},
  author       = {Chalamalasetty, Sarvani and Bikku, Thulasi and Mukherjee, Papiya and Tyagi, Nitin and Kesarwani, Jyoti and Kesharwani, Abhishek},
  booktitle    = {2024 2nd International Conference on Disruptive Technologies (ICDT)},
  pages        = {232--237},
  year         = {2024},
  organization = {IEEE}
}
@incollection{tabacchi2015future,
  title     = {Future is where concepts, theories and applications meet (also in fuzzy logic)},
  author    = {Tabacchi, Marco Elio and Termini, Settimo},
  booktitle = {Towards the Future of Fuzzy Logic},
  pages     = {323--339},
  year      = {2015},
  publisher = {Springer}
}
@article{nazemizadeh2014application,
  title     = {The application of fuzzy-logic method to control of robots: a review study},
  author    = {Nazemizadeh, M and Taheri, M and Nazeri, Sh},
  journal   = {International Journal of Mechanical Engineering and Robotics Research},
  volume    = {3},
  number    = {2},
  pages     = {229},
  year      = {2014},
  publisher = {International Journal of Life Sciences Biotechnology and Pharma Research}
}

@inproceedings{langari1999past,
  title        = {Past, present and future of fuzzy control: a case for application of fuzzy logic in hierarchical control},
  author       = {Langari, Rem},
  booktitle    = {18th International Conference of the North American Fuzzy Information Processing Society-NAFIPS (Cat. No. 99TH8397)},
  pages        = {760--765},
  year         = {1999},
  organization = {IEEE}
}
@article{voskoglou2019methods,
  title     = {Methods for assessing human--machine performance under fuzzy conditions},
  author    = {Voskoglou, Michael Gr},
  journal   = {Mathematics},
  volume    = {7},
  number    = {3},
  pages     = {230},
  year      = {2019},
  publisher = {MDPI}
}

@article{metaxiotis2004new,
  title     = {New applications of fuzzy logic in decision support systems},
  author    = {Metaxiotis, Kostas and Psarras, John E and Samouilidis, John-Emanuel},
  journal   = {International Journal of Management and Decision Making},
  volume    = {5},
  number    = {1},
  pages     = {47--58},
  year      = {2004},
  publisher = {Inderscience Publishers}
}
@article{comas2014type,
  title     = {Type-2 fuzzy logic in decision support systems},
  author    = {Comas, Diego S and Pastore, Juan I and Bouchet, Agustina and Ballarin, Virginia L and Meschino, Gustavo J},
  journal   = {Soft Computing for Business Intelligence},
  pages     = {267--280},
  year      = {2014},
  publisher = {Springer}
}
@inproceedings{tishkina2018application,
  title        = {Application of fuzzy logic in decision support system for analysis of condition enterprises},
  author       = {Tishkina, Valeriia V and Pylkin, Aleksandr N and Kroshilin, Aleksandr V},
  booktitle    = {2018 International Russian Automation Conference (RusAutoCon)},
  pages        = {1--5},
  year         = {2018},
  organization = {IEEE}
}